<?xml version="1.0" encoding="UTF-8"?><collection xmlns="http://www.loc.gov/MARC21/slim"><record><leader>00402nam--2200145-i-4500</leader><controlfield tag="001">000036914</controlfield><controlfield tag="002">20161230</controlfield><controlfield tag="005">20161230201041</controlfield><controlfield tag="008">060222s1000------------r-----000-0-eng-d</controlfield><datafield ind1=" " ind2=" " tag="080"><subfield code="a">512.813.3</subfield></datafield><datafield ind1=" " ind2=" " tag="100"><subfield code="a">Price, John F</subfield></datafield><datafield ind1=" " ind2=" " tag="245"><subfield code="a">Lie groups and compact groups</subfield></datafield><datafield ind1=" " ind2=" " tag="260"><subfield code="a">Cambridge, Cambridge Univ.Press, 1977, Ix + 177p</subfield></datafield><datafield ind1=" " ind2=" " tag="490"><subfield code="a">London Mathematical Society Lecture Note Series</subfield></datafield><datafield ind1=" " ind2=" " tag="852"><subfield code="a">43940</subfield></datafield></record></collection>